<record xmlns='http://www.loc.gov/MARC21/slim'><leader>01794cas a2200409 a 4500</leader><controlfield tag='001'>1090172</controlfield><controlfield tag='005'>20181106161123.0</controlfield><controlfield tag='006'>m        d        </controlfield><controlfield tag='007'>cr mn </controlfield><controlfield tag='008'>010827d20002014acaar pss     0   a0eng d</controlfield><datafield ind1='1' ind2=' ' tag='019'><subfield code='a'>22932876</subfield></datafield><datafield ind1='1' ind2=' ' tag='022'><subfield code='a'>1445-8810</subfield></datafield><datafield ind1='8' ind2=' ' tag='024'><subfield code='a'>ISSN/SEP2017</subfield></datafield><datafield ind1=' ' ind2=' ' tag='035'><subfield code='9'>(AuCNLDY)3073463</subfield></datafield><datafield ind1=' ' ind2=' ' tag='035'><subfield code='a'>1090172</subfield></datafield><datafield ind1=' ' ind2=' ' tag='040'><subfield code='a'>ANL</subfield><subfield code='b'>eng</subfield><subfield code='d'>ANL</subfield></datafield><datafield ind1=' ' ind2=' ' tag='042'><subfield code='a'>anuc</subfield></datafield><datafield ind1=' ' ind2='0' tag='222'><subfield code='a'>Australian &amp; New Zealand industrial and applied mathematics journal. Electronic supplement</subfield></datafield><datafield ind1='0' ind2='0' tag='245'><subfield code='a'>Australian &amp; New Zealand industrial and applied mathematics journal.</subfield><subfield code='p'>Electronic supplement</subfield><subfield code='h'>[electronic resource].</subfield></datafield><datafield ind1='1' ind2='3' tag='246'><subfield code='a'>ANZIAM journal</subfield><subfield code='p'>Electronic supplement</subfield></datafield><datafield ind1=' ' ind2=' ' tag='260'><subfield code='a'>[Canberra] :</subfield><subfield code='b'>Australian Mathematical Society,</subfield><subfield code='c'>2000-2014</subfield></datafield><datafield ind1='0' ind2=' ' tag='362'><subfield code='a'>Vol. 42 (2000/1)-2014</subfield></datafield><datafield ind1=' ' ind2=' ' tag='500'><subfield code='a'>Title from title screen (viewed on Aug. 27, 2001).</subfield></datafield><datafield ind1=' ' ind2=' ' tag='500'><subfield code='a'>System requirements: Adobe Acrobat reader for PDF files; DVI viewer; Postscript reader.</subfield></datafield><datafield ind1=' ' ind2=' ' tag='516'><subfield code='a'>Text and graphics.</subfield></datafield><datafield ind1=' ' ind2=' ' tag='538'><subfield code='a'>Mode of access: Internet via World Wide Web. Available at: http://jamsb.austms.org.au/home.html</subfield></datafield><datafield ind1=' ' ind2=' ' tag='580'><subfield code='a'>Free rapid publication electronic supplement to ANZIAM journal  publishing articles separate from those in the journal itself.</subfield></datafield><datafield ind1=' ' ind2=' ' tag='583'><subfield code='a'>Selected for archiving</subfield><subfield code='5'>ANL</subfield></datafield><datafield ind1=' ' ind2='0' tag='650'><subfield code='a'>Mathematics</subfield><subfield code='v'>Periodicals.</subfield></datafield><datafield ind1=' ' ind2='0' tag='653'><subfield code='a'>Australian</subfield></datafield><datafield ind1='2' ind2=' ' tag='710'><subfield code='a'>Australian Mathematical Society.</subfield></datafield><datafield ind1='1' ind2=' ' tag='772'><subfield code='t'>ANZIAM journal</subfield><subfield code='x'>1446-1811</subfield></datafield><datafield ind1='1' ind2=' ' tag='772'><subfield code='t'>Anziam journal (Online)</subfield><subfield code='x'>1446-8735</subfield></datafield><datafield ind1='0' ind2='0' tag='780'><subfield code='t'>Journal of the Australian Mathematical Society. Series B, Electronic (applied mathematics)</subfield><subfield code='x'>1442-4436</subfield></datafield><datafield ind1=' ' ind2='0' tag='830'><subfield code='a'>PANDORA electronic collection.</subfield></datafield><datafield ind1='4' ind2='0' tag='856'><subfield code='z'>Publisher site</subfield><subfield code='u'>http://jamsb.austms.org.au/home.html</subfield></datafield><datafield ind1='4' ind2='0' tag='856'><subfield code='z'>Archived at ANL</subfield><subfield code='u'>http://pandora.nla.gov.au/nla.arc-20621</subfield></datafield></record>